@inproceedings{ reynolds-99-steering,
    author = "Craig W. Reynolds",
    title = "Steering Behaviours for Autonomous Characters",
    booktitle = "Game Developers Conference 1999",
    year = "1999"
}

@inproceedings{ reynolds-87-flocks,
    author = "Craig W. Reynolds",
    title = "Flocks, Herds and Schools: A Distributed Behavioral Model",
    booktitle = "SIGGRAPH 1987, Computer Graphics",
    year = "1987"
}

@misc{ cliff95coevolution,
	author = "D. Cliff and G. Miller",
	title = "Co-evolution of pursuit and evasion II: Simulation methods and results",
	text = "D. Cliff and G. F. Miller. Co-evolution of pursuit and evasion II: Simulation methods and results. Technical Report CSRP377, COGS, University of Sussex, 1995.",
	year = "1995",
	url = "citeseer.ist.psu.edu/article/cliff95coevolution.html" 
}

@inproceedings{ reeves-83,
    author = "W. T. Reeves",
    title = "Particle systems - a technique for modeling a class of fuzzy objects",
    booktitle = "ACM Transactions on Graphics",
    year = "1987"
}

@inproceedings{ desbrun-cani-96,
    author = "Mathieu Desbrun and Marie-paule Gascuel",
    title = "Smoothed particles: A new paradigm for animating highly deformable bodies",
    booktitle = "EG Workshop on Animation and Simulation",
    year = "1996"
}

@phdthesis{ tonnesen-98,
	 author = {Tonnesen,, David Love},
	 note = {Adviser-Terzopoulos,, Demetri},
	 title = {Dynamically coupled particle systems for geometric modeling, reconstruction, and animation},
	 year = {1998},
	 isbn = {0-612-41520-1},
	 order_no = {AAINQ41520},
	 publisher = {University of Toronto},
	 address = {Toronto, Ont., Canada, Canada},
}

@INPROCEEDINGS{Lombardo95orientedparticles,
    author = {Jean-christophe Lombardo and Claude Puech},
    title = {Oriented particles: A tool for shape memory objects modelling},
    booktitle = {In Proc. Graphics Interface},
    year = {1995},
    pages = {255--262}
}

@INPROCEEDINGS{Stora99animatinglava,
    author = {Dan Stora and Pierre-olivier Agliati and Marie-paule Cani and Fabrice Neyret and Jean-dominique Gascuel},
    title = {Animating lava flows},
    booktitle = {in Graphics Interface},
    year = {1999},
    pages = {203--210}
}

@inproceedings{Stam99stablefluids,
	author = {Stam,, Jos},
	title = {Stable fluids},
	booktitle = {SIGGRAPH '99: Proceedings of the 26th annual conference on Computer graphics and interactive techniques},
	year = {1999},
	isbn = {0-201-48560-5},
	pages = {121--128},
	doi = {http://doi.acm.org/10.1145/311535.311548},
	publisher = {ACM Press/Addison-Wesley Publishing Co.},
	address = {New York, NY, USA},
}


@inproceedings{Foster2001,
	author = {Foster,, Nick and Fedkiw,, Ronald},
	title = {Practical animation of liquids},
	booktitle = {SIGGRAPH '01: Proceedings of the 28th annual conference on Computer graphics and interactive techniques},
	year = {2001},
	isbn = {1-58113-374-X},
	pages = {23--30},
	doi = {http://doi.acm.org/10.1145/383259.383261},
	publisher = {ACM},
	address = {New York, NY, USA},
}

@inproceedings{Enright2002,
	author = {Enright,, Douglas and Marschner,, Stephen and Fedkiw,, Ronald},
	title = {Animation and rendering of complex water surfaces},
	booktitle = {SIGGRAPH '02: Proceedings of the 29th annual conference on Computer graphics and interactive techniques},
	year = {2002},
	isbn = {1-58113-521-1},
	pages = {736--744},
	location = {San Antonio, Texas},
	doi = {http://doi.acm.org/10.1145/566570.566645},
	publisher = {ACM},
	address = {New York, NY, USA},
}

@inproceedings{Takahashi2002,
	author = {Takahashi,, Tsunemi and Ueki,, Heihachi and Kunimatsu,, Atsushi and Fujii,, Hiroko},
	title = {The simulation of fluid-rigid body interaction},
	booktitle = {SIGGRAPH '02: ACM SIGGRAPH 2002 conference abstracts and applications},
	year = {2002},
	isbn = {1-58113-525-4},
	pages = {266--266},
	location = {San Antonio, Texas},
	doi = {http://doi.acm.org/10.1145/1242073.1242279},
	publisher = {ACM},
	address = {New York, NY, USA},
}

@article{Nixon2002,
	author = {Nixon,, Daniel and Lobb,, Richard},
	title = {A Fluid-Based Soft-Object Model},
	journal = {IEEE Comput. Graph. Appl.},
	volume = {22},
	number = {4},
	year = {2002},
	issn = {0272-1716},
	pages = {68--75},
	doi = {http://dx.doi.org/10.1109/MCG.2002.1016700},
	publisher = {IEEE Computer Society Press},
	address = {Los Alamitos, CA, USA},
}
@inproceedings{Muller2003,
	author = {M\"{u}ller,, Matthias and Charypar,, David and Gross,, Markus},
	title = {Particle-based fluid simulation for interactive applications},
	booktitle = {SCA '03: Proceedings of the 2003 ACM SIGGRAPH/Eurographics symposium on Computer animation},
	year = {2003},
	isbn = {1-58113-659-5},
	pages = {154--159},
	location = {San Diego, California},
	publisher = {Eurographics Association},
	address = {Aire-la-Ville, Switzerland, Switzerland},
}

@article{Lorensen1987,
	author = {Lorensen,, William E. and Cline,, Harvey E.},
	title = {Marching cubes: A high resolution 3D surface construction algorithm},
	journal = {SIGGRAPH Comput. Graph.},
	volume = {21},
	number = {4},
	year = {1987},
	issn = {0097-8930},
	pages = {163--169},
	doi = {http://doi.acm.org/10.1145/37402.37422},
	publisher = {ACM},
	address = {New York, NY, USA},
}



@misc{ ReynoldsOpenSteer2003,
	author = "Craig W. Reynolds",
	title = "OpenSteer: Steering behaviors for autonomous characters",
	year = "2003",
	url = "http://opensteer.sourceforge.net/" 
}
%Craig W. Reynolds. OpenSteer: Steering behaviors for autonomous characters, 2003. URL http://opensteer.sourceforge.net/.




%N. Foster and R. Fedkiw. In Proceedings of the 28th annual conference on Computer graphics and interactive techniques, pages 23–30. ACMPress, 2001.

%[31] J. Stam. Stable fluids. In Proceedings of the 26th annual conference on Computer graphics and interactive techniques, pages 121–128. ACM Press/Addison-Wesley Publishing Co., 1999.

%[32] Dan Stora, Pierre-Olivier Agliati, Marie-Paule Cani, Fabrice Neyret, and Jean-Dominique Gascuel. Animating lava flows. In Graphics Interface, pages 203–210, 1999.

%[15] J. C. Lombardo and C. Puech. Oriented particles: A tool for shape memory objects modelling. Graphics Interface, pages 255–262, May 1995.

%[34] D. Tonnesen. Dynamically Coupled Particle Systems for Geometric Modeling, Reconstruction, and Animation. PhD thesis, University of Toronto, november 1998.

%[5] M. Desbrun and M. P. Cani. Smoothed particles: A new paradigm for animating highly deformable bodies. In Proceedings of EG Workshop on Animation and Simulation, pages 61–76. Springer-Verlag, 1996.

%[26] W. T. Reeves. Particle systems - a technique for modeling a class of fuzzy objects. ACM Transactions on Graphics, 2(2):91–108, 1983.