@inproceedings{ reynolds-99-steering,
    author = "Craig W. Reynolds",
    title = "Steering Behaviours for Autonomous Characters",
    booktitle = "Game Developers Conference 1999",
    year = "1999"
}

@book{compilador,
    author = {A. Aho and J. D. Ullman},
    publisher = {Makron Books},
    title = {Compiladores: conceitos, t{\'e}cnicas e implementa{\'c}{\~a}o.},
    year = {1993}
}

@inproceedings{policyCCGRID07,
  author    = {Vincent C. Hu and
               David F. Ferraiolo and
               Karen Scarfone},
  title     = {Access Control Policy Combinations for the Grid Using the
               Policy Machine},
  booktitle = {CCGRID},
  year      = {2007},
  pages     = {225-232},
  ee        = {http://dx.doi.org/10.1109/CCGRID.2007.15},
  crossref  = {DBLP:conf/ccgrid/2007},
  bibsource = {DBLP, http://dblp.uni-trier.de}
}

@inproceedings{performanceCCGRID07,
  author    = {Yang Zhang and
               Charles Koelbel and
               Ken Kennedy},
  title     = {Relative Performance of Scheduling Algorithms in Grid Environments},
  booktitle = {CCGRID},
  year      = {2007},
  pages     = {521-528},
  ee        = {http://dx.doi.org/10.1109/CCGRID.2007.94},
  crossref  = {DBLP:conf/ccgrid/2007},
  bibsource = {DBLP, http://dblp.uni-trier.de}
}

@proceedings{DBLP:conf/ccgrid/2007,
  title     = {Seventh IEEE International Symposium on Cluster Computing
               and the Grid (CCGrid 2007), 14-17 May 2007, Rio de Janeiro,
               Brazil},
  booktitle = {CCGRID},
  publisher = {IEEE Computer Society},
  year      = {2007},
  bibsource = {DBLP, http://dblp.uni-trier.de}
}

@inproceedings{gerenciamentoCCGRID08,
  author    = {Mathias Dalheimer and
               Franz-Josef Pfreundt and
               Peter Merz},
  title     = {Formal Verification of a Grid Resource Allocation Protocol},
  booktitle = {CCGRID},
  year      = {2008},
  pages     = {332-339},
  ee        = {http://doi.ieeecomputersociety.org/10.1109/CCGRID.2008.13},
  crossref  = {DBLP:conf/ccgrid/2008},
  bibsource = {DBLP, http://dblp.uni-trier.de}
}

@inproceedings{schedulingCCGRID08,
  author    = {Michael Heidt and
               Tim D{\"o}rnemann and
               Kay D{\"o}rnemann and
               Bernd Freisleben},
  title     = {Omnivore: Integration of Grid Meta-Scheduling and Peer-to-Peer
               Technologies},
  booktitle = {CCGRID},
  year      = {2008},
  pages     = {316-323},
  ee        = {http://doi.ieeecomputersociety.org/10.1109/CCGRID.2008.101},
  crossref  = {DBLP:conf/ccgrid/2008},
  bibsource = {DBLP, http://dblp.uni-trier.de}
}

@inproceedings{xenCCGRID08,
  author    = {Weikuan Yu and
               Jeffrey S. Vetter},
  title     = {Xen-Based HPC: A Parallel I/O Perspective},
  booktitle = {CCGRID},
  year      = {2008},
  pages     = {154-161},
  ee        = {http://doi.ieeecomputersociety.org/10.1109/CCGRID.2008.119},
  crossref  = {DBLP:conf/ccgrid/2008},
  bibsource = {DBLP, http://dblp.uni-trier.de}
}

@inproceedings{securityCCGRID08,
  author    = {Richard O. Sinnott and
               David W. Chadwick and
               Thomas Doherty and
               David Martin and
               Anthony Stell and
               Gordon Stewart and
               Linying Su and
               J. P. Watt},
  title     = {Advanced Security for Virtual Organizations: The Pros and
               Cons of Centralized vs Decentralized Security Models},
  booktitle = {CCGRID},
  year      = {2008},
  pages     = {106-113},
  ee        = {http://doi.ieeecomputersociety.org/10.1109/CCGRID.2008.67},
  crossref  = {DBLP:conf/ccgrid/2008},
  bibsource = {DBLP, http://dblp.uni-trier.de}
}

@proceedings{DBLP:conf/ccgrid/2008,
  title     = {8th IEEE International Symposium on Cluster Computing and
               the Grid (CCGrid 2008), 19-22 May 2008, Lyon, France},
  booktitle = {CCGRID},
  publisher = {IEEE Computer Society},
  year      = {2008},
  bibsource = {DBLP, http://dblp.uni-trier.de}
}


@misc{NDL,
  author = {T. Boku and T. Harada and T. Sone and H. Nakamura and K. Nakazawa},
  title = {INSPIRE: A general purpose network simulator generating system for massively parallel processors},
  text = {Taisuke Boku, Tomoaki Harada, Takashi Sone, Hiroshi Nakamura, and Kisaburo Nakazawa, INSPIRE: A general purpose network simulator generating system for massively parallel processors, Proc. of PERMEAN'95, pp.24-33, 1995.},
  year = {1995},
  url = {citeseer.ist.psu.edu/boku95inspire.html},
}

@article{G-Lambda,
 author = {Atsuko Takefusa and Michiaki Hayashi and Naohide Nagatsu and Hidemoto Nakada and Tomohiro Kudoh and Takahiro Miyamoto and Tomohiro Otani and Hideaki Tanaka and Masatoshi Suzuki and Yasunori Sameshima and Wataru Imajuku and Masahiko Jinno and Yoshihiro Takigawa and Shuichi Okamoto and Yoshio Tanaka and Satoshi Sekiguchi},
 title = {G-lambda: coordination of a grid scheduler and lambda path service over GMPLS},
 journal = {Future Gener. Comput. Syst.},
 volume = {22},
 number = {8},
 year = {2006},
 issn = {0167-739X},
 pages = {868--875},
 doi = {http://dx.doi.org/10.1016/j.future.2006.03.005},
 publisher = {Elsevier Science Publishers B. V.},
 address = {Amsterdam, The Netherlands, The Netherlands},
 }

@misc{NML,
  author = {Martin Swany and Paola Grosso},
  title = {{(NML-WG)} Network Mark-up Language Working Group},
  year = {2005},
  url = {http://www.ogf.org/gf/group_info/view.php?group=nml-wg},
}

@misc{uclp,
    title = {{UCLP} User-controlled LightPaths},
    institution = {{CANARIE} Canada's Advanced Network},
    year = {2007},
    note = {http://www.canarie.ca/canet4/uclp/},
}

@misc{Phosphorus,
    title = {{Phosphorus} project - Lambda User Controlled Infrastructure for European Research},
    institution = {I2CAT Fundation},
    year = {2007},
    note = {http://www.ist-phosphorus.eu/},
}

@inproceedings{discoverParashar,
 author = {Cristina Schmidt and Manish Parashar},
 title = {Flexible Information Discovery in Decentralized Distributed Systems},
 booktitle = {HPDC '03: Proceedings of the 12th IEEE International Symposium on High Performance Distributed Computing},
 year = {2003},
 isbn = {0-7695-1965-2},
 pages = {226},
 publisher = {IEEE Computer Society},
 address = {Washington, DC, USA},
 }

@inproceedings{discoverFoster,
 author = {Adriana Iamnitchi and Ian Foster and Daniel C. Nurmi},
 title = {A Peer-to-Peer Approach to Resource Location in Grid Environments},
 booktitle = {HPDC '02: Proceedings of the 11th IEEE International Symposium on High Performance Distributed Computing},
 year = {2002},
 isbn = {0-7695-1686-6},
 pages = {419},
 publisher = {IEEE Computer Society},
 address = {Washington, DC, USA},
 }

@inproceedings{discoveryBuyya,
 author = {Rajiv Ranjan and Lipo Chan and Aaron Harwood and Shanika Karunasekera and Rajkumar Buyya},
 title = {Decentralised Resource Discovery Service for Large Scale Federated Grids},
 booktitle = {E-SCIENCE '07: Proceedings of the Third IEEE International Conference on e-Science and Grid Computing},
 year = {2007},
 isbn = {0-7695-3064-8},
 pages = {379--387},
 doi = {http://dx.doi.org/10.1109/E-SCIENCE.2007.27},
 publisher = {IEEE Computer Society},
 address = {Washington, DC, USA},
 }

@article{taxonomy,
 title = {A taxonomy and survey of grid resource management systems for distributed computing},
 author = {Klaus Krauter and Rajkumar Buyya and Mathucumaru Maheswaran},
 journal = {Softw. Pract. Exper.},
 volume = {32},
 number = {2},
 year = {2002},
 issn = {0038-0644},
 pages = {135--164},
 doi = {http://dx.doi.org/10.1002/spe.432},
 publisher = {John Wiley \& Sons, Inc.},
 address = {New York, NY, USA},
 }


@InProceedings{tatezono-xhpc06,
    author = {Masaki Tatezono and Naoya Maruyama and Satoshi Matsuoka},
    title = {Making Wide-Are, Multi-Site MPI Feasible Using Xen {VM}},
    booktitle = {Proceedings of 2006 {ISPA} workshop on Xen in High-Performance Clusters and Grid Computing Environments ({XHPC} 06)},
    year = {2006},
    month = dec,
    address = {Sorrento, Italy},
}

@inproceedings{fosterModel,
 author = {Borja Sotomayor and Kate Keahey and Ian Foster},
 title = {Overhead Matters: A Model for Virtual Resource Management},
 booktitle = {VTDC '06: Proceedings of the 2nd International Workshop on Virtualization Technology in Distributed Computing},
 year = {2006},
 isbn = {0-7695-2873-1},
 pages = {5},
 doi = {http://dx.doi.org/10.1109/VTDC.2006.9},
 publisher = {IEEE Computer Society},
 address = {Washington, DC, USA},
 }

@inproceedings{viocluster,
  author    = {Paul Ruth and
               P. McGachey and
               Dongyan Xu},
  title     = {VioCluster: Virtualization for Dynamic Computational Domains},
  booktitle = {CLUSTER},
  year      = {2005},
  pages     = {1-10},
  ee        = {http://dx.doi.org/10.1109/CLUSTR.2005.347064},
  crossref  = {DBLP:conf/cluster/2005},
  bibsource = {DBLP, http://dblp.uni-trier.de}
}

@proceedings{DBLP:conf/cluster/2005,
  title     = {2005 IEEE International Conference on Cluster Computing
               (CLUSTER 2005), September 26 - 30, 2005, Boston, Massachusetts,
               USA},
  booktitle = {CLUSTER},
  publisher = {IEEE},
  year      = {2005},
  bibsource = {DBLP, http://dblp.uni-trier.de}
}

@Misc{reservoir,
  author = {Reservoir Project},
  title = {Reservoir: Resources and Services Virtualization without Barriers},
  year = {2008},
  url = {http://www.reservoir-fp7.eu/home/},
}



@article{globus,
    author = "I. Foster and C. Kesselman",
    title = "{Globus}: {A} Metacomputing Infrastructure Toolkit",
    journal = "The International Journal of Supercomputer Applications and High Performance Computing",
    volume = "11",
    number = "2",
    month = "Summer",
    pages = "115--128",
    year = "1997",
    url = "citeseer.ist.psu.edu/foster96globus.html" 
}

@inproceedings{securityFoster,
    author = "Ian T. Foster and Carl Kesselman and Gene Tsudik and Steven Tuecke",
    title = "A Security Architecture for Computational Grids",
    booktitle = "{ACM} Conference on Computer and Communications Security",
    pages = "83-92",
    year = "1998",
    url = "citeseer.ist.psu.edu/foster98security.html" 
}

@misc{karlAndFoster,
  author = "K. Czajkowski and S. Fitzgerald and I. Foster and C. Kesselman",
  title = "Grid Information Services for Distributed Resource Sharing",
  text = "K. Czajkowski, S. Fitzgerald, I. Foster, C. Kesselman. Grid Information
    Services for Distributed Resource Sharing. To appear in Proc. 10 th IEEE
    Symp. On High Performance Distributed Computing, 2001.",
  year = "2001",
  url = "citeseer.ist.psu.edu/czajkowski01grid.html" 
}

@Misc{hpl,
  author = {A. Petitet and R. C. Whaley and J. Dongarra and A. Cleary},
  title = {{HPL} - {A Portable Implementation of the High-Performance Linpack
Benchmark for Distributed-Memory Computers}},
  year = {2004},
  howpublished = {http://www.netlib.org/benchmark/hpl/},
}

@Manual{mpich, 
    title = {User's Guide for {\tt mpich}, a Portable Implementation of {MPI}}, author = {William D. Gropp and Ewing Lusk}, 
    note = "ANL-96/6", 
    organization = {Mathematics and Computer Science Division, Argonne National Laboratory}, 
    year = 1996 
}

@techreport{mpi,
    author = {Message Passing Interface Forum},
    title = {{MPI}: {A} Message-Passing Interface Standard},
    number = {UT-CS-94-230},
    year = {1994}, 
    url = {citeseer.ist.psu.edu/article/forum94mpi.html}
}


@book{theArtOfComputerSystemPerformanceAnalysis,
    author = {Raj Jain},
    citeulike-article-id = {209208},
    publisher = {John Wiley and Sons},
    title = {The Art of Computer Systems Performance Analysis: Techniques for Experimental Design, Measurement, Simulation, and Modeling},
    year = {1991}
}

@Article{fortran77,
  author =       "L. P. Meissner",
  title =        "{FORTRAN} 77",
  journal =      j-SIGPLAN,
  volume =       "12",
  number =       "1",
  pages =        "93--94",
  month =        jan,
  year =         "1977",
  CODEN =        "SINODQ",
  ISSN =         "0362-1340",
  bibdate =      "Sat Apr 25 11:46:37 MDT 1998",
  acknowledgement = ack-nhfb,
  classification = "C6140D (High level languages)",
  corpsource =   "Lawrence Berkeley Lab., Berkeley, CA, USA",
  keywords =     "FORTRAN; FORTRAN 77; proposal; significant changes;
                 standards",
  treatment =    "P Practical",
}

@techreport{c,
   author = {D. M. Ritchie and B. W. Kernighan and M. E. Lesk},
   institution = {Bell Laboratories},
   title = {The {C} Programming Language},
   type = {Comp. Sci. Tech. Rep. No.},
   number = {31},
   address = {Murray Hill, New Jersey},
   month = {October},
   year = {1975},
   keywords = {CSTR OBS},
   note = {31 Superseded by B. W. Kernighan and D. M. Ritchie, {\it The C Programming Language,} Prentice-Hall, Englewood Cliffs, N.J., 1988.}
}

@article{nas,
    author = {D. H. Bailey and E. Barszcz and J. T. Barton and D. S. Browning and R. L. Carter and D. Dagum and R. A. Fatoohi and P. O. Frederickson and T. A. Lasinski and R. S. Schreiber and H. D. Simon and V. Venkatakrishnan and S. K. Weeratunga},
    title = {The {NAS Parallel Benchmarks}},
    journal = {The International Journal of Supercomputer Applications},
    volume = {5},
    number = {3},
    month = {Fall},
    pages = {63--73},
    year = {1991},
    url = {citeseer.ist.psu.edu/article/bailey94nas.html} 
}

@article{ludo,
    author = {Ludovic Hablot and Olivier Gluck and Jean-Christophe and Pascale Vicat-Blanc Primet},
    title = {Etude d'impl{\'e}mentations MPI pour une grille de calcul},
    journal = {RenPar'18 / SympA'2008 / CFSE'6, Fribourg, Suisse},
    month = {11},
    year = {2008}
}

@misc{javacc,
    author = {java.net The source for Java Technology Collaboration},
    title = {javacc - Java Compiler Compiler - The Java Parser Generator - version 4.0},
    url = {https://javacc.dev.java.net/},
    year = {2007}
}

@misc{gridvirt,
    author = {Erol Bozak and Franco Travostino and Wolfgang Reichert},
    title = {{GridVirt-WG} Grid and Virtualization Working Group},
    url = {https://forge.gridforum.org/sf/projects/gridvirt-wg},
    year = {2007}
}

@misc{aria,
    author = {Benjamin Bardiaux and Aymeric Bernard and Fran{\'c}ois-Regis Chalaoux and Dinu Gherman and Michael Habeck and Jens Linge and Th{\'e}rese Malliavin and Michael Nilges and Sean O'Donoghue and Wolfgang Rieping},
    title = {Aria - Ambiguous Restraints for Iterative Assignment},
    url = {http://aria.pasteur.fr/},
    year = {1995}
}

@misc{proteome,
    author = {Biobase},
    title = {Proteome: Protein Interaction Biological Databases},
    url = {http://www.biobase-international.com/pages/},
    year = {1999}
}

@misc{distributed.net,
  title = {{distributed.net: Node Zero}}, 
  author = {distributed.net}, 
  year = {1997}, 
  howpublished = {}, 
  note = {http://www.distributed.net/}, 
}

@misc{seti@home,
  title = {{SETI@home: Search for Extraterrestrial Intelligence at home}}, 
  author = {SETI}, 
  year = {1999}, 
  howpublished = {}, 
  note = {http://setiathome.ssl.berkeley.edu/}, 
  www_section = {ds}, 
}

@BOOK{blueprint,
  AUTHOR = {{Ian Foster and Carl Kesselman}},
  TITLE = {{The Grid: Blueprint for a New Computing Infrastructure}},
  PUBLISHER = {Morgan Kaufman},
  YEAR = {2004},
  EDITOR = {},
  PAGES = {},
  ORGANIZATION = {},
  ADDRESS = {},
  MONTH = {},
  VOLUME = {},
  NUMBER = {},
  SERIES = {},
  NOTE = {},
  KEYWORDS = {},
  ISBN = {1-55860-933-4},
  URL = {},
  ABSTRACT = {}
}

@misc{AnXMLBasedNetworkSimulationDescriptionLanguage,
    author = {Roberto Canonico and Donato Emma and Giorgio Ventre},
    title = {An XML Based Network Simulation Description Language},
    url = {citeseer.ist.psu.edu/656212.html},
    year = {2001},
}

@article{theAnatomyOfTheGrid,
    author = {Ian Foster and Carl Kesselman and Steven Tuecke},
    title = {The Anatomy of the {Grid}: Enabling Scalable Virtual Organizations},
    journal = {Lecture Notes in Computer Science},
    volume = {2150},
    pages = {1--??},
    year = {2001},
    url = {citeseer.ist.psu.edu/foster01anatomy.html},
}

@inproceedings{usingVGtoSimplifyApplicationScheduling,
    title = {{Using Virtual Grids to Simplify Application Scheduling}},
    author = {Richard Huang and Henri Casanova and Andrew Chien},
    booktitle = {{IEEE International Parallel \& Distributed Processing Symposium}},
    year = {2006},
    url = {http://vgrads.rice.edu/publications/inproceedingsreference200604301387285191}
}


@misc{hipcal,
    title = {{HIPCAL} project},
    institution = {ANR-06-CIS6-005},
    year = {2007},
    note = {http://hipcal.lri.fr/wakka.php?wiki=PagePrincipale},
}

@TechReport{hipcal-old,
    title = {{HIPCAL}: {S}tate of the {A}rt of {OS} and {N}etwork virtualization solutions for {G}rids},
    author = {Pascale Primet and Vicat-Blanc and Jean-Patrick Gelas and Olivier Mornard and Dinil Mon Divakaran and Pierre Bozonnet and Mathieu Jan and Vincent Roca and Lionel Giraud},
    institution = {{INRIA RESO/LIP, INRIA Grand-Large, INRIA Plan{\`e}te}},
    year = {2007},
    number = {140907}
    note = {http://lipforge.ens-lyon.fr/projects/hipcal/},
}

@Misc{carriocas,
    title = {{Calcul R{\'e}parti sur R{\'e}seau Internet Optique {\`a} Capacit{\'e} Surmultipl{\'e}e {(CARRIOCAS)}}},
    year = {2007},
    institution = {{INRIA RESO/LIP, INRIA Grand-Large, INRIA Planete}},
    note = {http://www.carriocas.org/},
}

@Misc{carriocas-old,
    author = {Olivier Audouin and Olivier Leclerc and Dominique Vech{\`e}re and Lionel Thual and Dominique Rodrigues and Pascale Primet},
    title = {{Calcul R{\'e}parti sur R{\'e}seau Internet Optique {\`a} Capacit{\'e} Surmultipl{\'e}e {(CARRIOCAS)}}}, 
    year = {2007},
    institution = {{INRIA RESO/LIP, INRIA Grand-Large, INRIA Planete}},
    note = {http://www.ens-lyon.fr/LIP/RESO/},
}

@Misc{vgrads,
    title = {{The VGrADS Project}}, 
    year = {2003},
    author = {Key Kennedy and Francine Berman and Andrew Chien and Keith Cooper and Jack Dongarra and Ian Foster and Dennis Gannon and S. Lennart Johnsson and Carl Kesselman and John Mellor-Crummey and Daniel Reed and Linda Torczon and Richar Wolski},
    note = {http://vgrads.rice.edu/}
}

@inproceedings{classad,
    author = {Rajesh Raman and Miron Livny and Marvin H. Solomon},
    title = {{Matchmaking: Distributed Resource Management for High Throughput Computing}},
    booktitle = {{HPDC}},
    pages = {140-},
    year = {1998},
    url = {citeseer.ist.psu.edu/raman98matchmaking.html} 
}

@techreport{redline,
    title = {{A Constraint Language Approach to Grid Resource Selection}},
    author = {Chuang Liu and Ian Foster},
    institution = {Department of Computer Science - University of Chicago},
    year = {2003},
    number = {TR-2003-07},
}

@techreport{bpdl,
    title = {{BPDL: A Data Model for Grid Resource Broker Capabilities}},
    author = {A. Kert{\'e}sz and I. Rodero and F. Guim},
    year = {2007},
    number = {TR-0074},
    institution = {Institute on Resource Management and Scheduling - {CoreGRID}},
}

@misc{sword,
    author = {D. Oppenheimer and J. Albrecht and D. Patterson and A. Vahdat},
    title = {{Design and implementation tradeoffs for wide-area resource discovery}},
    text = {D. Oppenheimer, J. Albrecht, D. A. Patterson, and A. Vahdat. Design and implementation tradeoffs for wide-area resource discovery. In HPDC, 2005.},
    year = {2005},
    url = {citeseer.ist.psu.edu/oppenheimer05design.html}
}

@techreport{vgdl,
    title = {{The Virtual Grid Description Language: {vgDL}}},
    year = {2004},
    number = {TR0.95},
    author = {Andrew Chien and Henri Casanova and Yang-suk Kee and Richard Huang},
    institution = {VGrADS Project},
}

@misc{vandal,
  author = {R. Isaacs and I. Leslie},
  title = {{Support for Resource-Assured and Dynamic Virtual Private Networks}},
  text = {Isaacs R.,. Leslie I., Support for Resource-Assured and Dynamic Virtual Private Networks IEEE Jrl. on Sel. Areas in Communication Vol. n. 2001.},
  year = {2001},
  url = {citeseer.ist.psu.edu/isaacs01support.html}
}

@misc{g5k,
    title = {{Grid500:Home}},
    note = {https://www.grid5000.fr/mediawiki/index.php/Grid5000:Home},
    year = {2005},
}

@misc{condor,
    title = {{Condor - High Throughput Computing}},
    authors = {Condor - High Throughput Computing},
    note = {http://www.cs.wisc.edu/condor/},
    year = {2000},
}

@techreport{glue,
    title = {{GLUE Schema Specification}},
    number = {1.3},
    year = {2007},
    author = {Sergio Andreozzi and Stephen Burke and Flavia Donno and Laurence Field and Steve Fisher ans Jens Jensen Ans Balazs Konya and Maarten Litmaath and Marco Manbelli and Jennifer Schopf and Matt Viljoen and Antony Wilson and Riccardo Zappi},
}

@misc{hip,
    title = {{Host Identity Protocol Architecture}},
    author = {R. Moskowitz and P. Nikander},
    year = {2004},
    note = {http://www.ietf.org/html.charters/hip-charter.html},
}

@TECHREPORT{hipernet,
  AUTHOR = {Laganier, Julien and Vicat-Blanc Primet, Pascale},
  TITLE = {HIPernet: fully distributed security for grid
          environments},
  INSTITUTION = {INRIA/ENS-LIP},
  YEAR = {2005},
  OPTKEY = {},
  OPTTYPE = {},
  NUMBER = {RR-....-2005-...},
  OPTADDRESS = {},
  MONTH = APR
}

@misc{lip,
    title = {{Laboratoire de l'Informatique du Parall{\`e}lisme - LIP}},
    note = {http://www.ens-lyon.fr/LIP/web/},
    year = {2008}
}

@inproceedings{xen,
    author = {Paul Barham and Boris Dragovic and Keir Fraser and Steven Hand and Tim Harris and Alex Ho and Rolf Neugebauer and Ian Pratt and Andrew Warfield},
    title = {{Xen and the Art of Virtualization}},
    booktitle = {Proceedings of the Nineteenth ACM symposium on Operating systems principles (SOSP)},
    address = {Bolton Landing, NY, USA},
    month = {October},
    YEAR = {2003},
    PUBLISHER = {ACM},
    pages = {164-177},
}

@inproceedings{livemigration,
   author = {Christopher Clark and Keir Fraser and Steven Hand and Jakob Gorm Hansen and Eric Jul and Christian Limpach and Ian Pratt and Andrew Warfield},
   title = {Live Migration of Virtual Machines},
   booktitle = {Proc. 2nd Symposium on Networked Systems Design and Implementation (NSDI '05)},
   address = {Boston, USA},
   PUBLISHER = {Usenix},
   month = {May},
   year = {2005}
}


@TechReport{surveyHPC,
  title =   {A Survey of how Virtual Machine and Intelligent Runtime Environments can Support Cluster Computing},
  author =    {Samuel Chang and Peter Strazdins},
  institution =  {Australian National University},
  year =     {2007},
  number =   {TR-CS-07-01}
}

@INPROCEEDINGS{figueiredo,
   AUTHOR       = {R. Figueiredo and P. Dinda and J. Fortes},
   BOOKTITLE    = {Proc. International Conference on Distributed Computing Systems (ICDCS)},
   TITLE        = {A Case for Grid Computing on Virtual Machines},
   YEAR         = {2003}
}

@INPROCEEDINGS{childs,
   AUTHOR       = {Stephen Childs and Brian Coghlan and David O'Callaghan and Geoff Quigley and},
   BOOKTITLE    = {Proc.19th International Conference on Advanced Information Networking and Applications (AINA'05)},
   TITLE        = { A Single-Computer Grid Gateway Using Virtual Machines},
   YEAR         = {2005}
}

@TechReport{quetier,
    author = {Benjamin Quetier and Vincent Neri and Franck Cappello},
    title = {Scalability Comparison of 4 Host Virtualization Tools},
    institution = {{INRIA/LRI}, Universite Paris-Sud},
    year = {2006},
    number = {1433},
}

@INPROCEEDINGS{mcilroy,
    AUTHOR = {Ross McIlroy and Joe Sventek},
    BOOKTITLE = {Workshop on High Performance Switching and Routing (HPSR 06)},
    TITLE   = {Resource Virtualisation of Network Routers},
    YEAR    = {2006},
    MONTH   = {June}
}

@Article{huang,
  author =  {Wei Huang and Jiuxing Liu and Bulent Abali and Dhabaleswar Panda},
  title =   {A Case for High Performance Computing with Virtual Machines},
  journal = {The 20th ACM International Conference on Supercomputing},
  year =    {2006},
}

@Article{smith,
  title =   {The Architecture of Virtual Machines},
  author =  {James E. Smith and Ravi Nair},
  journal = {IEEE Computer},
  year =    {2005},
  number =  {5},
  volume =  {38},
  bibdate = {2005-12-07},
  bibsource =   {DBLP, http://dblp.uni-trier.de/db/journals/computer/computer38.html#SmithN05},
  pages =   {32--38},
  note =    {http://doi.ieeecomputersociety.org/10.1109/MC.2005.173},
}

@Article{goldberg,
  author =   {Robert Goldberg},
  title =    {Survey of virtual machine research},
  journal =      {IEEE Computer},
  year =     {1974},
  volume =   {7},
  number =   {6},
  pages =    {34--45}
}

@INPROCEEDINGS{vmware,
   AUTHOR       = {J. Sugerman and G. Venkitachalam and B-H. Lim},
   BOOKTITLE    = {Proc. 2001 Usenix Annual Technical Conference},
   TITLE        = {Virtualizing {I/O} Devices on {VM}ware Workstation's Hosted Virtual Machine Monitor},
   YEAR         = {2001},
   PAGES     = {1--14},
   PUBLISHER = {Usenix Assoc.}
}

@Misc{qemu,
    title = {{QEMU - Open source processor emulator}},
    author = {Fabrice Bellard},
    year = {2005},
    note = {http://fabrice.bellard.free.fr/qemu/}
} 

@Misc{openvz,
    title = {{OpenVZ - Server Virtualization Open Source Project}},
    year = {2003},
    note = {http://openvz.org/}
}

@Misc{kvm,
    title = {{KVM - Kernel based Virtual Machine}},
    author = {Qumranet Inc},
    year = {2006},
    note = {http://kvm.qumranet.com/kvmwiki/}
} 

@TechReport{apiXen,
    author = {Ewan Mellor and Richard Sharp and David Scott and Jon Harrop},
    title = {Xen Management {API} Draft - Revision 0.4.3},
    institution = {XenSource, Inc.},
    year = {2006},
    number = {25-08-06}
}
